% The HoTT Book
@book{hottbook,
  author    = {The {Univalent Foundations Program}},
  title     = {Homotopy Type Theory: Univalent Foundations of Mathematics},
  publisher = {\url{https://homotopytypetheory.org/book}},
  address   = {Institute for Advanced Study},
  year      = 2013
}


@inproceedings{hofmann1994groupoid,
  title        = {The groupoid model refutes uniqueness of identity proofs},
  author       = {Hofmann, Martin and Streicher, Thomas},
  booktitle    = {Proceedings Ninth Annual IEEE Symposium on Logic in Computer Science},
  pages        = {208--212},
  year         = {1994},
  organization = {IEEE}
}

@misc{rijke2022introductionhomotopytypetheory,
  title         = {Introduction to Homotopy Type Theory},
  author        = {Egbert Rijke},
  year          = {2022},
  eprint        = {2212.11082},
  archiveprefix = {arXiv},
  primaryclass  = {math.LO},
  url           = {https://arxiv.org/abs/2212.11082}
}
